@book{Vazirani,
 author = {Vazirani, Vijay V.},
 title = {Approximation algorithms},
 year = {2001},
 isbn = {3-540-65367-8},
 publisher = {Springer-Verlag New York, Inc.},
 address = {New York, NY, USA},
}
@unpublished{Pawlewicz,
  author = {Jakub Pawlewicz},
  title = {Techniki sztucznej inteligencji w programach grajÄ…cych},
  url = {http://www.mimuw.edu.pl/~pan/gry.pdf},
  year = 2010,
}
@article{MCTSsurvey,
  author = {Browne, Cameron and Powley, Edward J. and Whitehouse, Daniel and Lucas, Simon M. and Cowling, Peter I. and Rohlfshagen, Philipp and Tavener, Stephen and Perez, Diego and Samothrakis, Spyridon and Colton, Simon},
  journal = {IEEE Trans. Comput. Intellig. and AI in Games},
  title = {A Survey of Monte Carlo Tree Search Methods.},
  url = {http://dblp.uni-trier.de/db/journals/tciaig/tciaig4.html#BrownePWLCRTPSC12},
  volume = 4,
  year = 2012
}
